% CITA MODELO DE WEBSITE
@electronic{imaging_fundamentals_2023,
	author = "{Edmund Optics\vspace{0mm}}",
	title = "{Imaging Fundamentals}",
	howpublished = {Available: \url{https://www.edmundoptics.com/knowledge-center/application-notes/imaging/6-fundamental-parameters-of-an-imaging-system/}},
	year = {2023},
	note = "[Accessed: 18 June 2024]."
}

% CITA MODELO PARA PATENTES
@patent{EP4095520A1,
  author       = {Tommy Verminck and Zander Macharis},
  title        = {A system for quality control of a piece of clothing},
  nationality  = {European},
  number       = {4095520A1},
  year         = {2021},
}

% CITA MODELO DE STANDARD
@standard{VDI2206,
  title = "{Development of Mechatronic and Cyber-Physical Systems}",
  organization = "{VDI/VDE}",
  number = "{2206:2021-11}",
  year = "{2021}",
}

@standard{VDI2221,
  title = {Design of Technical Products and Systems - Model of Product Design},
  organization = "{VDI}",
  number = "{2221 Blatt 1:2019-11}",
  year = {2019},
}

@standard{VDI2225,
  title = {Design Engineering Methodics - Engineering Design at Optimum Cost - Valuation of Costs},
  organization = "{VDI}",
  number = "{2225 Blatt 3:1998-11}",
  year = {1998},
}

@standard{ASTM-D5585-21,
  title = "{Standard Tables of Body Measurements for Adult Female Misses Figure Type, Size Range 00–20}",
  organization = "{ASTM International}",
  number = "{D5585-21}",
  year = "{2021}",
}

@standard{ASTM-D6240-12,
  title        = {Standard Tables of Body Measurements for Mature Men, Ages 35 and Older, Sizes Thirty-Four to Fifty-Two (34 to 52) Short, Regular, and Tall},
  organization = {ASTM International},
  number       = {D6240-12},
  year         = {2021},
}

@standard{ASTM_D5219_15,
  title        = {Standard Terminology Relating to Body Dimensions for Apparel Sizing},
  organization = {ASTM International},
  number    = {D5219-15},
  year      = {2015},
}

@standard{ISO-8559-2-2017,
  title        = {Size designation of clothes - Part 2: Primary and secondary dimension indicators},
  organization = {ISO},
  number       = {8559-2:2017},
  year         = {2017},
}

@article{BonillaPastor2015,
  title        = {La gestión de la calidad y su relación con los costos de desechos y desperdicios en las mypes de la confección textil},
  volume       = {33},
  url          = {https://revistas.ulima.edu.pe/index.php/Ingenieria_industrial/article/view/532},
  DOI          = {10.26439/ing.ind2015.n033.532},
  abstract     = {Las micro y pequeñas empresas del Perú, más conocidas como mypes, representan el 99,3 % del total de empresas y su nivel de competitividad es bajo. La inadecuada gestión de la calidad de sus procesos genera desechos y desperdicios que incrementan los costos. La investigación sobre una muestra de 27 mypes de la confección textil concluye que existe una correlación inversa entre la calificación de la gestión de la calidad y los costos por desechos y desperdicios. La investigación se desarrolló durante el periodo 2013-2014.},
  number       = {033},
  journal      = {Ingeniería Industrial},
  author       = {Bonilla-Pastor, Elsie},
  year         = {2015},
  month        = {jan},
  pages        = {37-50}
}